@book{scc,
  author       = {S.C.~Coutinho},
  title        = {Primalidade em tempo polinomial.  Uma introdução ao
                  algoritmo AKS.},
  year         = {2004},
  publisher    = {Sociedade Brasileira de Matemática},
  location     = {Rio de Janeiro},
  ISBN = {85-85818-21-2},
}

@book{ss,
  author       = {Salahoddin Shokranian},
  title        = {Uma introdução à teoria dos números},
  year         = {2008},
  publisher    = {Ciência Moderna},
  location     = {Rio de Janeiro},
  ISBN = {978-85-7393-753-4},
}

@book{eti,
  author       = {Steven Schwartzman},
  title        = {The words of mathematics.  An etymological
                  dictionary of mathematical terms used in English.},
  year         = {1980},
  publisher    = {The Mathematical Association of America},
  location     = {United States},
  ISBN = {0883855119, 978-0883855119},
}

@book{hac, 
  author = {Alfred J. Menezes and Paul C. van Oorschot and Scott A.~Vanstone},
  title = {Handbook of Applied Cryptography (Discrete Mathematics and Its Applications, 1st edition)},
  year = {1996},
  publisher = {CRC Press},
  location = {Florida, United States},
  ISBN = {0-8493-8523-7},
}

@book{maxfield, 
  author = {John E.~Maxfield and Margaret W.~Maxfield},
  title = {Abstract Algebra and Solution by Radicals},
  year = {2010},
  publisher = {Dover Publications Inc.},
  location = {United States},
  ISBN = {978-0-486-47723-7, 0-486-47723-1},
}